<?xml version="1.0" encoding="UTF-8"?><collection xmlns="http://www.loc.gov/MARC21/slim"><record><leader>00680nam--2200193-i-4500</leader><controlfield tag="001">000049953</controlfield><controlfield tag="002">20161230</controlfield><controlfield tag="005">20161230201047</controlfield><controlfield tag="008">060222s1000------------r-----000-0-eng-d</controlfield><datafield ind1=" " ind2=" " tag="020"><subfield code="a">9971966700</subfield></datafield><datafield ind1=" " ind2=" " tag="040"><subfield code="a">IFIN-HH</subfield></datafield><datafield ind1=" " ind2=" " tag="080"><subfield code="a">539.123(061.3)</subfield></datafield><datafield ind1="1" ind2=" " tag="100"><subfield code="a">Kleinknecht, K</subfield></datafield><datafield ind1="1" ind2="0" tag="245"><subfield code="a">Neutrino 84 at nordkirchen near dortmund june 11-16 1984</subfield><subfield code="b">Proceedings of the xith international conference on neutrino physics and astrophysics at nordkirchen near dortmund june 11-16 1984</subfield><subfield code="c">K. kleinknecht, e.a. paschos (eds.)</subfield></datafield><datafield ind1=" " ind2=" " tag="260"><subfield code="a">Singapore</subfield><subfield code="b">World Scientific</subfield><subfield code="c">1984</subfield></datafield><datafield ind1=" " ind2=" " tag="300"><subfield code="a">XII+811P</subfield></datafield><datafield ind1=" " ind2=" " tag="700"><subfield code="a">Paschos, E.A</subfield><subfield code="e">Ed</subfield></datafield><datafield ind1=" " ind2=" " tag="852"><subfield code="a">79084</subfield><subfield code="c">539.14</subfield></datafield><datafield ind1=" " ind2=" " tag="CAT"><subfield code="a">Sys</subfield><subfield code="c">20120406</subfield><subfield code="h">095751</subfield></datafield></record></collection>